<?xml version="1.0" encoding="UTF-8"?><collection xmlns="http://www.loc.gov/MARC21/slim"><record><leader>00307nam--2200121-i-4500</leader><controlfield tag="001">000024016</controlfield><controlfield tag="002">20161230</controlfield><controlfield tag="005">20161230201035</controlfield><controlfield tag="008">060222s1000------------r-----000-0-eng-d</controlfield><datafield ind1=" " ind2=" " tag="100"><subfield code="a">Gheorghiu, N</subfield></datafield><datafield ind1=" " ind2=" " tag="245"><subfield code="a">Dumitrascu, v</subfield></datafield><datafield ind1=" " ind2=" " tag="260"><subfield code="a">Gregorian, E</subfield></datafield><datafield ind1=" " ind2=" " tag="490"><subfield code="a">Bucuresti, Editura Didactica Si Pedagogica, 1967, 43p</subfield></datafield></record></collection>